@article{dressler2010bio,
  title={Bio-inspired networking: from theory to practice},
  author={Dressler, Falko and Akan, Ozgur B},
  journal={Communications Magazine, IEEE},
  volume={48},
  number={11},
  pages={176--183},
  year={2010},
  publisher={IEEE}
}

@article{kroeker2011biology,
  title={Biology-inspired networking},
  author={Kroeker, Kirk L},
  journal={Communications of the ACM},
  volume={54},
  number={6},
  pages={11--13},
  year={2011},
  publisher={ACM}
}

@inproceedings{liu2012physarum,
  title={Physarum optimization: A biology-inspired algorithm for minimal exposure path problem in wireless sensor networks},
  author={Liu, Liang and Song, Yuning and Ma, Huadong and Zhang, Xi},
  booktitle={INFOCOM, 2012 Proceedings IEEE},
  pages={1296--1304},
  year={2012},
  organization={IEEE}
}

@article{kim2012ant,
  title={Ant colony based self-adaptive energy saving routing for energy efficient Internet},
  author={Kim, Young-Min and Lee, Eun-Jung and Park, Hea-Sook and Choi, Jun-Kyun and Park, Hong-Shik},
  journal={Computer Networks},
  volume={56},
  number={10},
  pages={2343--2354},
  year={2012},
  publisher={Elsevier}
}

@article{kim2011ant,
  title={Ant colony optimization based energy saving routing for energy-efficient networks},
  author={Kim, Young-Min and Lee, Eun-Jung and Park, Hong-Shik},
  journal={Communications Letters, IEEE},
  volume={15},
  number={7},
  pages={779--781},
  year={2011},
  publisher={IEEE}
}

@article{di1998antnet,
  title={Antnet: distributed stigmergetic control for communication networks},
  author={Di Car, Gianni and Dorgio, M},
  journal={Joural of Artificial Intelligence Research},
  volume={9},
  pages={317--365},
  year={1998}
}

@article{hylsberg2011bioinspired,
  title={Bioinspired principles for large-scale networked sensor systems: An overview},
  author={Hylsberg Jacobsen, Rune and Zhang, Qi and Skj{\o}deberg Toftegaard, Thomas},
  journal={Sensors},
  volume={11},
  number={4},
  pages={4137--4151},
  year={2011},
  publisher={Molecular Diversity Preservation International}
}

@incollection{nazi2013robust,
  title={Robust deployment of wireless sensor networks using gene regulatory networks},
  author={Nazi, Azade and Raj, Mayank and Di Francesco, Mario and Ghosh, Preetam and Das, Sajal K},
  booktitle={Distributed Computing and Networking},
  pages={192--207},
  year={2013},
  publisher={Springer}
}

@article{nakagaki2000intelligence,
  title={Intelligence: Maze-solving by an amoeboid organism},
  author={Nakagaki, Toshiyuki and Yamada, Hiroyasu and T{\'o}th, {\'A}gota},
  journal={Nature},
  volume={407},
  number={6803},
  pages={470--470},
  year={2000},
  publisher={Nature Publishing Group}
}

@inproceedings{wightman2008a3,
  title={A3: A topology construction algorithm for wireless sensor networks},
  author={Wightman, Pedro M and Labrador, Miguel A},
  booktitle={Global Telecommunications Conference, 2008. IEEE GLOBECOM 2008. IEEE},
  pages={1--6},
  year={2008},
  organization={IEEE}
}

@proceedings{proceedings2008energy,
  title={In Proceeding of the Vision and Roadmap Workshop on Routing Telecom and Data Centers Toward Efficient Energy Use},
  month={October}
  year={2008}
}

@inproceedings{andrews2010routing,
  title={Routing for energy minimization in the speed scaling model},
  author={Andrews, Matthew and Anta, Antonio Fern{\'a}ndez and Zhang, Lisa and Zhao, Wenbo},
  booktitle={INFOCOM, 2010 Proceedings IEEE},
  pages={1--9},
  year={2010},
  organization={IEEE}
}

@inproceedings{gupta2007using,
  title={Using Low-Power Modes for Energy Conservation in Ethernet LANs.},
  author={Gupta, Maruti and Singh, Suresh},
  booktitle={INFOCOM},
  volume={7},
  pages={2451--55},
  year={2007}
}